@inproceedings{inproceedings,
author = {Wei, Jinpeng and Zhang, Xiaolan and Ammons, Glenn and Bala, Vasanth and Ning, Peng},
year = {2009},
month = {11},
pages = {91-96},
title = {Managing Security of Virtual Machine Images in a Cloud Environment},
doi = {10.1145/1655008.1655021}
}