 @article{Bilo2022, 
    title={Topological influence and locality in swap schelling games}, 
    volume={36}, 
    ISSN={1573-7454}, 
    DOI={10.1007/s10458-022-09573-7}, 
    number={2}, 
    journal={Autonomous Agents and Multi-Agent Systems}, 
    author={Bilo, Davide and Bilo, Vittorio and Lenzner, Pascal and Molitor, Louise}, 
    year={2022}, 
    month={Aug}, 
    pages={47}, 
    language={en} }
 @article{Bullinger2021, 
    title={Welfare Guarantees in Schelling Segregation}, 
    volume={71}, 
    rights={Copyright (c)}, 
    ISSN={1076-9757}, 
    DOI={10.1613/jair.1.12771}, 
    journal={Journal of Artificial Intelligence Research}, 
    author={Bullinger, Martin and Suksompong, Warut and Voudouris, Alexandros A.}, 
    year={2021}, 
    month={May}, 
    pages={143-174}, 
    language={en} }
 @article{Elkind2021, 
    title={Schelling Games on Graphs}, 
    volume={301}, 
    ISSN={00043702}, 
    DOI={10.1016/j.artint.2021.103576}, 
    note={arXiv:1902.07937 [cs]}, 
    journal={Artificial Intelligence}, 
    author={Elkind, Edith and Gan, Jiarui and Igarashi, Ayumi and Suksompong, Warut and Voudouris, Alexandros A.}, 
    year={2021}, 
    month={Dec}, 
    pages={103576} }
 @inproceedings{Gretha2018, 
    title={Segregation in Social Networks: A Simple Schelling-Like Model}, 
    ISSN={2473-991X}, 
    DOI={10.1109/ASONAM.2018.8508751}, 
    booktitle={2018 IEEE/ACM International Conference on Advances in Social Networks Analysis and Mining (ASONAM)}, 
    author={Gretha, Olivier Brandouy and Cristal, Philippe Mathieu and Mauhe, Nicolas}, 
    year={2018}, 
    month={Aug}, 
    pages={95-98} }
 @article{Kanellopoulos2021, 
    title={Not all Strangers are the Same: The Impact of Tolerance in Schelling Games}, 
    url={http://arxiv.org/abs/2105.02699}, 
    DOI={10.48550/arXiv.2105.02699}, 
    note={arXiv:2105.02699 [cs]}, 
    number={arXiv:2105.02699}, 
    publisher={arXiv}, 
    author={Kanellopoulos, Panagiotis and Kyropoulou, Maria and Voudouris, Alexandros A.}, 
    year={2021}, 
    month={May} }
 @article{Kreisel2022, 
    title={Equilibria in Schelling Games: Computational Hardness and Robustness}, 
    url={http://arxiv.org/abs/2105.06561}, 
    DOI={10.48550/arXiv.2105.06561}, 
    note={arXiv:2105.06561 [cs]}, 
    number={arXiv:2105.06561}, 
    publisher={arXiv}, 
    author={Kreisel, Luca and Boehmer, Niclas and Froese, Vincent and Niedermeier, Rolf}, 
    year={2022}, 
    month={Mar} }
 @inproceedings{Liu2019, 
    title={On the Extension of Schelling's Segregation Model}, 
    ISSN={1558-4305}, 
    DOI={10.1109/WSC40007.2019.9004848}, 
    booktitle={2019 Winter Simulation Conference (WSC)}, 
    author={Liu, Zeyu and Li, Xueping and Khojandi, Anahita and Lazarova-Molnar, Sanja}, 
    year={2019}, 
    month={Dec}, 
    pages={285-296} }
 @article{Schelling1971, 
    title={Dynamic models of segregation}, 
    volume={1}, 
    ISSN={0022-250X}, 
    DOI={10.1080/0022250X.1971.9989794}, 
    number={2}, 
    journal={The Journal of Mathematical Sociology}, 
    publisher={Routledge}, 
    author={Schelling, Thomas C.}, 
    year={1971}, 
    month={Jul}, 
    pages={143-186} }
