
@article{Jeon2021,
  title           = {AutoVAS: An automated vulnerability analysis system with a deep learning approach},
  journal         = {Computers & Security},
  volume          = {106},
  pages           = {102308},
  year            = {2021},
  issn            = {0167-4048},
  doi             = {https://doi.org/10.1016/j.cose.2021.102308},
  url             = {https://www.sciencedirect.com/science/article/pii/S0167404821001322},
  author          = {Sanghoon Jeon and Huy Kang Kim},
  keywords        = {Vulnerability detection, Cybersecurity, Data-driven security, Static analysis, Program slicing},
}