@inbook{Lakkaraju2015,
	author = {Lakkaraju, Himabindu and Aguiar, Everaldo and Shan, Carl and Miller, David and Bhanpuri, Nasir and Ghani, Rayid and Addison, Kecia L.},
	title = {A Machine Learning Framework to Identify Students at Risk of Adverse Academic Outcomes},
	year = {2015},
	isbn = {9781450336642},
	publisher = {Association for Computing Machinery},
	address = {New York, NY, USA},
	url = {https://doi.org/10.1145/2783258.2788620},
	booktitle = {Proceedings of the 21th ACM SIGKDD International Conference on Knowledge Discovery and Data Mining},
	pages = {1909â€“1918},
	numpages = {10}
}
@article{Wing2020,
    journal = {Harvard Data Science Review},
    doi = {10.1162/99608f92.c6577b1f},
    note = {https://hdsr.mitpress.mit.edu/pub/d9j96ne4},
    publisher = {},
    title = {Ten Research Challenge Areas in Data Science },
    url = {https://hdsr.mitpress.mit.edu/pub/d9j96ne4},
    author = {Wing, Jeannette M.},
    date = {2020-09-30},
    year = {2020},
    month = {9},
    day = {30},
}