@article{Giselsson2017,
  author    = {Thomas Mosgaard Giselsson and
               Rasmus Nyholm J{\o}rgensen and
               Peter Kryger Jensen and
               Mads Dyrmann and
               Henrik Skov Midtiby},
  title     = {A Public Image Database for Benchmark of Plant Seedling Classification
               Algorithms},
  journal   = {CoRR},
  volume    = {abs/1711.05458},
  year      = {2017},
  url       = {http://arxiv.org/abs/1711.05458},
  archivePrefix = {arXiv},
  eprint    = {1711.05458},
  timestamp = {Mon, 13 Aug 2018 16:49:15 +0200},
  biburl    = {https://dblp.org/rec/journals/corr/abs-1711-05458.bib},
  bibsource = {dblp computer science bibliography, https://dblp.org}
}

@article{Bowyer2011,
  author    = {Kevin W. Bowyer and
               Nitesh V. Chawla and
               Lawrence O. Hall and
               W. Philip Kegelmeyer},
  title     = {{SMOTE:} Synthetic Minority Over-sampling Technique},
  journal   = {CoRR},
  volume    = {abs/1106.1813},
  year      = {2011},
  url       = {http://arxiv.org/abs/1106.1813},
  archivePrefix = {arXiv},
  eprint    = {1106.1813},
  timestamp = {Mon, 13 Aug 2018 16:46:59 +0200},
  biburl    = {https://dblp.org/rec/journals/corr/abs-1106-1813.bib},
  bibsource = {dblp computer science bibliography, https://dblp.org}
}

@INPROCEEDINGS{Bai2008,
  author={ {Haibo He} and {Yang Bai} and E. A. {Garcia} and {Shutao Li}},
  booktitle={2008 IEEE International Joint Conference on Neural Networks (IEEE World Congress on Computational Intelligence)}, 
  title={ADASYN: Adaptive synthetic sampling approach for imbalanced learning}, 
  year={2008},
  volume={},
  number={},
  pages={1322-1328},
  doi={10.1109/IJCNN.2008.4633969}
}