@book{warford10,
	author = {Warford, J.S.},
	title = {Computer Systems},
	year = {2009},
	edition = {4th},
	publisher = {Jones and Bartlett},
	location = {Sudbury, MA},
	ISBN = {978-0763771447},
}
@book{sebasta,
	author = {Sebasta, Robert W.},
	title = {Concepts of Programming Languages},
	year = {2012},
	edition = {10th},
	publisher = {Upper Saddle River, NJ},
	ISBN = {978-0-13-139531-2},
}
