@article{Scaramuzza2011,
author = {Scaramuzza, Davide and Fraundorfer, Friedrich},
journal = {Robotics and Automation Magazine},
month = {Dec},
pages = {80----92},
title = {Visual Odometry Part {I}: The First 30 Years and Fundamentals},
year = {2011}
}
