@article{Ballesteros2021,
  title           = {Deep4SNet: deep learning for fake speech classification},
  journal         = {Expert Systems with Applications},
  volume          = {184},
  pages           = {115465},
  year            = {2021},
  issn            = {0957-4174},
  doi             = {https://doi.org/10.1016/j.eswa.2021.115465},
  url             = {https://www.sciencedirect.com/science/article/pii/S0957417421008770},
  author          = {Dora M. Ballesteros and Yohanna Rodriguez-Ortega and Diego Renza and Gonzalo Arce},
  keywords        = {Fake voice, Convolutional neural network, Imitation, Deep learning, Deep voice, Classification},
}
@misc{Ping2018,
  title           = {Deep Voice 3: Scaling Text-to-Speech with Convolutional Sequence Learning}, 
  author          = {Wei Ping and Kainan Peng and Andrew Gibiansky and Sercan O. Arik and Ajay Kannan and Sharan Narang and Jonathan Raiman and John Miller},
  year            = {2018},
  eprint          = {1710.07654},
  archivePrefix   = {arXiv},
  primaryClass    = {cs.SD}
}