@article{Vien2021,
  title           = {Deep-NC: A secure image transmission using deep learning and network coding},
  journal         = {Signal Processing: Image Communication},
  volume          = {99},
  pages           = {116490},
  year            = {2021},
  issn            = {0923-5965},
  doi             = {https://doi.org/10.1016/j.image.2021.116490},
  url             = {https://www.sciencedirect.com/science/article/pii/S0923596521002381},
  author          = {Quoc-Tuan Vien and Tuan T. Nguyen and Huan X. Nguyen},
  keywords        = {Image communication, Deep learning, Super-resolution, Network coding},
}
@inproceedings{Grubinger2006,
  title           = {The iapr tc-12 benchmark: A new evaluation resource for visual information systems},
  author          = {Grubinger, Michael and Clough, Paul and M{\"u}ller, Henning and Deselaers, Thomas},
  booktitle       = {International workshop ontoImage},
  volume          = {2},
  year            = {2006}
}