@article{Zhao2020,
  title        = {Artificial intelligence based ensemble approach for intrusion detection systems},
  journal      = {Journal of Visual Communication and Image Representation},
  volume       = {71},
  pages        = {102736},
  year         = {2020},
  issn         = {1047-3203},
  doi          = {https://doi.org/10.1016/j.jvcir.2019.102736},
  url          = {https://www.sciencedirect.com/science/article/pii/S1047320319303578},
  author       = {Hongwei Zhao and Mingzhao Li and Haoyu Zhao},
  keywords     = {Artificial Intelligence, Ensembles, Pattern recognition, Internet attacks, Neural networks},
}
@misc{Kdd1999,
  author       = {},
  title        = {KDD: Kdd cup 1999 dataset},
  howpublished = {WebPage},
  url          = {http://kdd.ics.uci.edu/databases/kddcup99/kddcup99.html},
  year         = {1999}
}
@phdthesis{Tavallaee2011,
  title        ={An adaptive hybrid intrusion detection system},
  author       ={Tavallaee, Mahbod},
  year         ={2011}
}