@book{warford10,
	author = {Warford, J.S.},
	title = {Computer Systems},
	year = {2009},
	edition = {4th},
	publisher = {Jones and Bartlett},
	location = {Sudbury, MA},
	ISBN = {978-0763771447},
}
