@article{thailandHIV,
author = {
    Torugsa, Kalyanee and 
    Anderson, Scott and 
    Thongsen, Nucharee and 
    Sirisopana, Narongrid and 
    Jugsudee, Achara and 
    Junlananto, Pitak and 
    Nitayaphan, Sorachai and 
    Sangkharomya, Suebpong and 
    Brown, Arthur},
year = {2003},
month = {08},
pages = {881-3},
title = {HIV epidemic among young Thai Men, 1991-2000},
volume = {9},
journal = {Emerging infectious diseases},
doi = {10.3201/eid0907.020653}
}

@article{puzzleTiles,
title ={Automatic generation of puzzle tile maps for spatial-temporal data visualization},
author = {
    Lin, Shih-Syun and
    Yang, Juo-Yu and
    Syu, Huang-Sin and
    Lin, Chao-Hung and
    Tun-Wen Pai},
journal = {Computers and Graphics (Pergamon)},
year = {2019},
DOI = {10.1016/j.cag.2019.05.002},
ISSN = {00978493},
PII = {S009784931930055X},
PUI = {2001994448},
SCOPUS = {2-s2.0-85065861794},
SGR = {85065861794}
}

@article{interactiveData,
author = {Mancini, Peter and Bengfort, Benjamin and Shneiderman, Ben},
year = {2016},
month = {08},
pages = {},
title = {Interactive Exploration of the Employment Situation Report: From Fixed Tables to Dynamic Discovery}
}

@article{dataVase,
title = {Data vases: 2d and 3d plots for visualizing multiple time series},
author = {Thakur, S and Rhyne, T M},
journal = {Proceedings of the fifth international symposium on advances in visual computing: part II},
year = {2009}, 
pages = {929-938}
}

@misc{hafen_2018, 
title={Ryan Hafen}, 
url={https://ryanhafen.com/blog/geofacet/}, 
journal={Ryan Hafen}, 
author={Hafen, Ryan}, 
year={2018}, 
month={Mar}
}