@article{Anderson2018,
  doi             = {},
  author          = {Anderson, Gary},
  title           = {Modern Scoring Systems and Deciding Scoring Issues},
  publisher       = {Civilian Marksmanship Program},
  journal         = {On the Mark},
  volume          = {Summer 2018},
  number          = {},
  year            = {2018},
  pages           = {6-13},
  url             = {https://thecmp.org/wp-content/uploads/OTM_Summer2018_ForWeb.pdf}
}
@misc{SUIS,
  author          = {SIUS},
  title           = {SIUS History – The world’s leading producer of Electronic Scoring Systems},
  year            = {},
  howpublished    = {\url{https://sius.com/en/about-us/}}
}
@INPROCEEDINGS{Ye2011,
  author          = {Ye, Cuiliu and Mi, Hong},
  booktitle       = {2011 Fourth International Joint Conference on Computational Sciences and Optimization}, 
  title           = {The Technology of Image Processing Used in Automatic Target-Scoring System}, 
  year            = {2011},
  volume          = {},
  number          = {},
  pages           = {349-352},
  doi             = {10.1109/CSO.2011.287}
}
@inproceedings{Rudzinski2012,
  author          = {Rudzinski, Jacek and Luckner, Marcin},
  year            = {2012},
  month           = {09},
  pages           = {185-195},
  title           = {Low–Cost Computer Vision Based Automatic Scoring of Shooting Targets},
  volume          = {7828},
  isbn            = {978-3-642-37342-8},
  doi             = {10.1007/978-3-642-37343-5_19}
}
@INPROCEEDINGS{Stenhager2021,
  author          = {Stenhager, Elinore and Lavesson, Niklas},
  booktitle       = {2021 Swedish Artificial Intelligence Society Workshop (SAIS)}, 
  title           = {Hit Detection in Sports Pistol Shooting}, 
  year            = {2021},
  volume          = {},
  number          = {},
  pages           = {1-4},
  doi             = {10.1109/SAIS53221.2021.9483984}
}
@misc{shootoff, 
  title           = {Welcome to shootoff}, 
  howpublished    = {\url{http://shootoffapp.com/}},
  journal         = {ShootOFF}, 
  author          = {ShootOFF},
  note            = {Accessed: 2021-09-18}
}
@online{etarg, 
  title           = {Electronic Targets}, 
  howpublished    = {\url{https://etarg.net/}}, 
  note            = {Accessed: 2021-09-18}
} 
@misc{freetarget, 
  title           = {freETarget}, 
  author          = {Brown, Allan},
  howpublished    = {\url{https://github.com/ten-point-nine/freETarget}},
  publisher       = {Github},
  journal         = {Github Repository}, 
  author          = {ShootOFF},
  year            = {2020},
  note            = {Accessed: 2021-09-18}
} 
@misc{Potter2017,
  title           = {The Hitch Hiker's Guide to Shooting Glory},
  auther          = {Warren Potter},
  year            = {2017},
  howpublished    = {\url{http://www.pilkguns.com/hhg-shtml/}},
  note            = {Accessed: 2021-09-18},
}

@misc{scatt,
  author          = {},
  title           = {Errors in Shooting and Possible Reasons For Their occurrence},
  howpublished    = {\url{https://www.scatt.com/shooting-mistakes}},
  year            = {2021}
}
@misc{noptel,
  author          = {},
  title           = {Shooting Training Devices},
  howpublished    = {\url{https://www.noptel.fi/shooter-training-devices/#}},
  year            = {2021}
}
@misc{scatt-db,
  author          = {},
  title           = {Scatt-DB},
  howpublished    = {\url{https://scattdb.com/database}},
  year            = {2021}
}
@misc{mantisx,
  author          = {},
  title           = {Mantis X},
  howpublished    = {\url{https://mantisx.com}},
  year            = {2021}
}
@phdthesis{Simo2018,
  author          = {Ihalainen, Simo},
  year            = {2018},
  month           = {06},
  pages           = {},
  title           = {Technical Determinants of Competitive Rifle Shooting Performance}
}
@misc{issfRules,
  author          = {ISSF},
  howpublished    = {\url{https://www.issf-sports.org/theissf/rules/english_rulebook.ashx}},
  title           = {ISSF Rules and Regulations},
  year            = {2020}
}

@article{Mononen2003,
  author          = {Mononen, K. and Viitasalo, J. T. and Era, P. and Konttinen, N.},
  title           = {Optoelectronic measures in the analysis of running target shooting},
  journal         = {Scandinavian Journal of Medicine \& Science in Sports},
  volume          = {13},
  number          = {3},
  pages           = {200-207},
  keywords        = {aiming, eye-hand co-ordination, shooting accuracy},
  doi             = {https://doi.org/10.1034/j.1600-0838.2003.00130.x},
  url             = {https://onlinelibrary.wiley.com/doi/abs/10.1034/j.1600-0838.2003.00130.x},
  eprint          = {https://onlinelibrary.wiley.com/doi/pdf/10.1034/j.1600-0838.2003.00130.x},
  year            = {2003}
}
@article{Zeljko2010,
  author          = {Željko Todorović},
  title           = {Pistol Shooting},
  journal         = {ISSF Coach Course},
  volume          = {},
  number          = {},
  year            = {2010}
}
@article{Zeljko2020,
  author          = {Željko Todorović},
  title           = {Pistol Shooting - Shooting Position},
  journal         = {ISSF Coach Course},
  volume          = {},
  number          = {},
  year            = {2020}
}

@misc{itseez2015opencv,
  title           = {Open Source Computer Vision Library},
  author          = {Itseez},
  year            = {2015},
  howpublished    = {\url{https://github.com/itseez/opencv}}
}
@manual{itseez2014theopencv,
  title           = {The OpenCV Reference Manual},
  organization    = {Itseez},
  edition         = {2.4.9.0},
  month           = {April},
  year            = {2014},
  notes           = {See \url{http://opencv.org/}}
}
@article{Hough1964,
  title           = {METHOD AND MEANS FOR RECOGNIZING COMPLEX PATTERNS},
  author          = {Hough, P V.C.},
  place           = {United States},
  year            = {1962},
  month           = {12}
}