%% LaTeX2e file `refs.bib'
%% generated by the `filecontents' environment
%% from source `"DSOR 646 - Homework 2 Hosley"' on 2024/04/25.
%%
@article{li2023,
  title={3D reconstruction based on hierarchical reinforcement learning with transferability},
  volume={30},
  ISSN={1069-2509},
  DOI={10.3233/ICA-230710},
  number={4},
  journal={Integrated Computer-Aided Engineering},
  publisher={IOS Press},
  author={Li, Lan and He, Fazhi and Fan, Rubin and Fan, Bo and Yan, Xiaohu},
  year={2023},
  month=jan,
  pages={327-339},
  language={en}
}
@article{shu2017,
  title={Hierarchical and Interpretable Skill Acquisition in Multi-task Reinforcement Learning},
  url={http://arxiv.org/abs/1712.07294},
  DOI={10.48550/arXiv.1712.07294},
  note={arXiv:1712.07294 [cs]},
  number={arXiv:1712.07294},
  publisher={arXiv},
  author={Shu, Tianmin and Xiong, Caiming and Socher, Richard},
  year={2017},
  month={12}
}
